@book{churn_microblog,
    author = {Hadi Amiri and Hal Daum{\'e} III},
    year = {2016},
    title = {Short Text Representation for Detecting Churn in Microblogs},
    publisher = {AAAI Conference on Artificail Intelligence}
}
@book{multidimensional_visualization_1,
    author = {Dorina Marghescu},
    year = {2007},
    title = {Multi-dimensional Data Visualization Techniques for Exploring Financial Performance Data},
    publisher = {Americas Conference on Information Systems (AMCIS)}
}
@book{stream_mining_survey,
    author = {R. Kalaivani and Dr. S. Vijayarani},
    year = {2017},
    title = {Data Stream Mining - A Survey},
    publisher = {International Journal of Innovative Research in Computer and Communication Engineering}
}
@book{multidimensional_visualization_2,
    author = {Georges Grinstein and Marjan Trutschl and Ur{\u{s}}ka Cvek},
    year = {2001},
    title = {High-Dimensional Visualizations},
    publisher = {ACM Sigkdd International Conference on Knowledge Discovery and Data Mining}
}
@book{pca,
    author = {I.T. Jolliffe},
    year = {2002},
    title = {Principal Component Analysis},
    publisher = {Springer-Verlag New York}
}
@book{tsne,
    author = {L.J.P van der Maaten and G.E. Hinton},
    year = {2008},
    title = {Visualizing High-Dimensional data Using t-SNE},
    publisher = {Journal of Machine Learning Research}
}
@book{atsne,
    author = {L.J.P van der Maaten},
    year = {2014},
    title = {Accelerating t-SNE using Tree-Based Algorithms},
    publisher = {Journal of Machine Learning Research}
}
@book{tsne_cuda,
    author = {David M. Chan and Roshan Rao and Forrest Huang and john F. Canny},
    year = {2018},
    title = {t-SNE-CUDA: GPU-Accelerated t-SNE and its Applications to Modern Data},
    publisher = {High Performance Machine Learning Workshop}
}
@book{hist_pca,
    author = {Puyudi Yang and Cho-Jui Hsieh and Jane-Ling Wang},
    year = {2018},
    title = {History PCA: A New Algorithm for Streaming PCA},
    publisher = {University of California}
}
@book{klp,
    author = {Kullback, S and Leibler, R.A.},
    year = {1951},
    title = {On information and sufficiency},
    publisher = {Annals of Mathematcial Statistics}
}
